@article{Reisinger2007AcquiringRepresentations,
    title = {{Acquiring Evolvability through Adaptive Representations}},
    year = {2007},
    journal = {GECCO’07 Proceedings},
    author = {Reisinger, Joseph and Miikkulainen, Risto},
    keywords = {Control Methods, Global Optimization, I28 [Artificial Intelligence], Problem Solving, adaptive repre-sentations, and Search General Terms experimentation, coevolution, design, evolvability, indirect encodings, modularity, neural networks, performance Keywords genetic algorithms}
}

@article{Ed1994NEURALALGORITHM,
    title = {{NEURAL NETWORK SYNTHESIS USING CELLULAR ENCODING AND THE GENETIC ALGORITHM}},
    year = {1994},
    author = {Ed, Fr and Gruau, Eric and Meyer, Jean-Arcady and Jacques, M and Examinators, Demongeot and Michel, : M and Jacques, Cosnard M and Pierre, Mazoyer M and Whitley, Peretto M Darell}
}

@book{Rothlauf2006RepresentationsAlgorithms,
    title = {{Representations for Genetic and Evolutionary Algorithms}},
    year = {2006},
    author = {Rothlauf, Franz},
    publisher = {Springer Berlin Heidelberg},
    url = {http://link.springer.com/10.1007/3-540-32444-5},
    address = {Berlin, Heidelberg},
    isbn = {978-3-540-25059-3},
    doi = {10.1007/3-540-32444-5}
}

@book{Mitchell1996AnAlgorithms,
    title = {{An introduction to genetic algorithms}},
    year = {1996},
    author = {Mitchell, Melanie (Computer scientist)},
    pages = {205},
    publisher = {MIT Press},
    isbn = {9780262133166}
}

@book{Sterling2015PrinciplesDesign,
    title = {{Principles of neural design}},
    year = {2015},
    author = {Sterling, Peter and Laughlin, Simon},
    pages = {542},
    publisher = {MIT Press},
    isbn = {9780262028707}
}

@book{Downing2015IntelligenceSystems,
    title = {{Intelligence emerging : adaptivity and search in evolving neural systems}},
    year = {2015},
    author = {Downing, Keith L.},
    pages = {475},
    publisher = {MIT Press},
    address = {Palatino},
    isbn = {9780262029131}
}

@article{Koza1996ANetworks,
    title = {{A Comparison between Cellular Encoding and Direct Encoding for Genetic Neural Networks}},
    year = {1996},
    journal = {Genetic Programming},
    author = {Koza, John R and Goldberg, David E and Fogel, David B and Riolo, Rick L and Gruau, Frederic and Whitley, Darrell},
    keywords = {keyword}
}

@article{MiikkulainenEvolvingNeuroevolution,
    title = {{Evolving Neural Networks Sequential Decision Tasks Why Neuroevolution?}},
    author = {Miikkulainen, Risto}
}

@article{DambrosioAGeometry,
    title = {{A Novel Generative Encoding for Exploiting Neural Network Sensor and Output Geometry}},
    author = {D 'ambrosio, David B and Stanley, Kenneth O},
    keywords = {Algorithms Keywords, Categories and Subject Descriptors, Compositional Pattern Producing Networks, Experimentation, HyperNEAT, I26 [Artificial Intelligence], Learning–Connectionism and neural nets, NEAT, con-cept learning General Terms, large-scale artificial neural networks}
}

@article{StanleyTheTopologies,
    title = {{The MIT Press Journals Evolving Neural Networks through Augmenting Topologies}},
    author = {Stanley, Kenneth O and Miikkulainen, Risto},
    url = {http://mitpress.mit.edu/journals http://mitpress.mit.edu/e-mail},
    keywords = {Genetic algorithms, competing conventions, network topologies, neural networks, neuroevolution, speciation}
}

@article{StanleyTheEmbryogeny,
    title = {{The MIT Press Journals A Taxonomy for Artificial Embryogeny}},
    author = {Stanley, Kenneth O and Miikkulainen, Risto},
    url = {http://mitpress.mit.edu/journals http://mitpress.mit.edu/e-mail},
    keywords = {Artificial embryogeny, develop-ment, embryology, evo-lution, generative encoding, genetic algorithms, indirect en-coding, morphogenesis, neuroevolution, ontogeny}
}

@article{Gauci2008ALearning,
    title = {{A Case Study on the Critical Role of Geometric Regularity in Machine Learning}},
    year = {2008},
    journal = {Artificial Intelligence},
    author = {Gauci, Jason and Stanley, Kenneth O}
}

@article{Dambrosio2008GenerativeGECCO-2008,
    title = {{Generative Encoding for Multiagent Learning Winner of the Best Paper Award in the Generative and Developmental Systems track at GECCO-2008}},
    year = {2008},
    author = {D 'ambrosio, David B and Stanley, Kenneth O},
    number = {8},
    publisher = {ACM},
    keywords = {Algorithms Keywords, CPPNs, Categories and Subject Descriptors, HyperNEAT, I211 [Artificial Intelligence], I26 [Artificial Intelligence], Learning—connectionism and neural nets, Multiagent systems, NEAT, Neural Networks, concept learning}
}

@article{Gauci2008ALearningb,
    title = {{A Case Study on the Critical Role of Geometric Regularity in Machine Learning}},
    year = {2008},
    journal = {Artificial Intelligence},
    author = {Gauci, Jason and Stanley, Kenneth O}
}

@article{Inden2012EvolvingSpaces,
    title = {{Evolving neural fields for problems with large input and output spaces}},
    year = {2012},
    journal = {Neural Networks},
    author = {Inden, Benjamin and Jin, Yaochu and Haschke, Robert and Ritter, Helge},
    isbn = {0893-6080},
    doi = {10.1016/j.neunet.2012.01.001},
    issn = {08936080},
    pmid = {22391232},
    keywords = {Artificial life, Indirect encoding, NEAT, Neuroevolution}
}

@inproceedings{Shorten2014HowSearch,
    title = {{How evolvable is novelty search?}},
    year = {2014},
    booktitle = {IEEE SSCI 2014 - 2014 IEEE Symposium Series on Computational Intelligence - IEEE ICES: 2014 IEEE International Conference on Evolvable Systems, Proceedings},
    author = {Shorten, David and Nitschke, Geoff},
    isbn = {9781479944804},
    doi = {10.1109/ICES.2014.7008731}
}

@inproceedings{Clune2008HowDecreases,
    title = {{How a generative encoding fares as problem-regularity decreases}},
    year = {2008},
    booktitle = {Lecture Notes in Computer Science (including subseries Lecture Notes in Artificial Intelligence and Lecture Notes in Bioinformatics)},
    author = {Clune, Jeff and Ofria, Charles and Pennock, Robert T.},
    isbn = {3540876995},
    doi = {10.1007/978-3-540-87700-4{\_}36},
    issn = {03029743},
    keywords = {ANN, Evolution, HyperNEAT, Modularity, NEAT, Regularity}
}

@inproceedings{Drchal2008Tree-basedNetworks,
    title = {{Tree-based indirect encodings for evolutionary development of neural networks}},
    year = {2008},
    booktitle = {Lecture Notes in Computer Science (including subseries Lecture Notes in Artificial Intelligence and Lecture Notes in Bioinformatics)},
    author = {Drchal, Jan and {\v{S}}norek, Miroslav},
    isbn = {3540875581},
    doi = {10.1007/978-3-540-87559-8{\_}87},
    issn = {03029743}
}

@inproceedings{Kamioka2009NeuroevolutionRepresentation,
    title = {{Neuroevolution based on reusable and hierarchical modular representation}},
    year = {2009},
    booktitle = {Lecture Notes in Computer Science (including subseries Lecture Notes in Artificial Intelligence and Lecture Notes in Bioinformatics)},
    author = {Kamioka, Takumi and Uchibe, Eiji and Doya, Kenji},
    isbn = {3642024890},
    doi = {10.1007/978-3-642-02490-0{\_}3},
    issn = {03029743}
}

@article{Tarapore2015EvolvabilityBenchmarks,
    title = {{Evolvability signatures of generative encodings: Beyond standard performance benchmarks}},
    year = {2015},
    journal = {Information Sciences},
    author = {Tarapore, Danesh and Mouret, Jean Baptiste},
    isbn = {0020-0255},
    doi = {10.1016/j.ins.2015.03.046},
    issn = {00200255},
    arxivId = {arXiv:1410.4985v1},
    keywords = {Artificial evolution, Central pattern generators, Developmental encodings, Evolvability, Generative encodings, Legged robots}
}

@inproceedings{Drchal2008Tree-basedNetworksb,
    title = {{Tree-based indirect encodings for evolutionary development of neural networks}},
    year = {2008},
    booktitle = {Lecture Notes in Computer Science (including subseries Lecture Notes in Artificial Intelligence and Lecture Notes in Bioinformatics)},
    author = {Drchal, Jan and {\v{S}}norek, Miroslav},
    isbn = {3540875581},
    doi = {10.1007/978-3-540-87559-8{\_}87},
    issn = {03029743}
}

@article{Ahmadizar2015ArtificialAlgorithm,
    title = {{Artificial neural network development by means of a novel combination of grammatical evolution and genetic algorithm}},
    year = {2015},
    journal = {Engineering Applications of Artificial Intelligence},
    author = {Ahmadizar, Fardin and Soltanian, Khabat and Akhlaghiantab, Fardin and Tsoulos, Ioannis},
    doi = {10.1016/j.engappai.2014.11.003},
    issn = {09521976},
    keywords = {Adaptive penalty approach, Classification problems, Genetic algorithm, Grammatical evolution, Neural networks}
}

@article{Durr2010GeneticControllers,
    title = {{Genetic representation and evolvability of modular neural controllers}},
    year = {2010},
    journal = {IEEE Computational Intelligence Magazine},
    author = {D{\"{u}}rr, Peter and Floreano, Dario and Claudio, Mattiussi},
    isbn = {1556-603X},
    doi = {10.1109/MCI.2010.937319},
    issn = {1556603X}
}

@article{StanleyGenerativeTutorial,
    title = {{Generative and Developmental Systems Tutorial}},
    author = {Stanley, Kenneth O and Stanley, K O and Miikkulainen, R},
    url = {http://eplex.cs.ucf.edu http://dx.doi.org/10.1145/2739482.2756568},
    doi = {10.1145/2739482.2756568}
}

@article{MiikkulainenEvolvingStrategies,
    title = {{Evolving Neural Networks Why Neuroevolution? I Neural nets powerful in many statistical domains Forming Decision Strategies}},
    author = {Miikkulainen, Risto},
    url = {http://dx.doi.org/10.1145/2739482.2756577},
    doi = {10.1145/2739482.2756577},
    keywords = {g control, pattern recognition, prediction}
}

@article{AuthorTitle,
    title = {{Title}},
    author = {{Author}}
}

@article{Bhattacharyya2009RobustNetworks,
    title = {{Robust Regulatory Networks}},
    year = {2009},
    author = {Bhattacharyya, Arnab and Haeupler, Bernhard},
    arxivId = {arXiv:0904.4360v1},
    keywords = {()}
}

@article{Durr2010GeneticControllersb,
    title = {{Genetic representation and evolvability of modular neural controllers}},
    year = {2010},
    journal = {IEEE Computational Intelligence Magazine},
    author = {D{\"{u}}rr, Peter and Floreano, Dario and Claudio, Mattiussi},
    isbn = {1556-603X},
    doi = {10.1109/MCI.2010.937319},
    issn = {1556603X}
}

@article{Mouret2009MENNAG:Grammars,
    title = {{MENNAG: A modular, regular and hierarchical encoding for neural-networks based on attribute grammars}},
    year = {2009},
    journal = {Evolutionary Intelligence},
    author = {Mouret, Jean Baptiste and Doncieux, Stéphane},
    doi = {10.1007/s12065-008-0015-7},
    issn = {18645909},
    keywords = {Attribute grammars, Evolutionary algorithms, Evolutionary robotics, Modular neural-networks}
}

@article{ShortenTheNetworks,
    title = {{The Relationship Between Evolvability and Robustness in the Evolution of Boolean Networks}},
    author = {Shorten, David and Nitschke, Geoff}
}

@inproceedings{Richter2015EvolvabilitySurvey,
    title = {{Evolvability of representations in complex system engineering: A survey}},
    year = {2015},
    booktitle = {2015 IEEE Congress on Evolutionary Computation, CEC 2015 - Proceedings},
    author = {Richter, Andreas and Botsch, Mario and Menzel, Stefan},
    isbn = {9781479974924},
    doi = {10.1109/CEC.2015.7257042}
}

@article{Taras2014GrowingNetworks,
    title = {{Growing adaptive machines combining development and learning in artificial neural networks}},
    year = {2014},
    journal = {Studies in Computational Intelligence},
    author = {Taras, Kowaliw and Nicolas, Bredeche and Doursat, Ren??},
    isbn = {9783642553363},
    doi = {10.1007/978-3-642-55337-0},
    issn = {1860949X}
}

@article{Haddow2011ExploringNetworks,
    title = {{Exploring Learning in Evolutionary Artificial Neural Networks}},
    year = {2011},
    author = {Haddow, Pauline and Fr{\o}yen, Even Bruvik}
}

@article{Izquierdo1987ArtificialConference,
    title = {{Artificial Life XI: Proceedings of the Eleventh International Conference}},
    year = {1987},
    author = {Izquierdo, Eduardo J and Fernando, Chrisantha T}
}

@article{Clune2010EVOLVINGBIOLOGY,
    title = {{EVOLVING ARTIFICIAL NEURAL NETWORKS WITH GENERATIVE ENCODINGS INSPIRED BY DEVELOPMENTAL BIOLOGY}},
    year = {2010},
    author = {Clune, Jeff}
}

@article{Clune2011OnRegularity,
    title = {{On the performance of indirect encoding across the continuum of regularity}},
    year = {2011},
    journal = {IEEE Transactions on Evolutionary Computation},
    author = {Clune, Jeff and Stanley, Kenneth O. and Pennock, Robert T. and Ofria, Charles},
    keywords = {Artificial neural networks, HyperNEAT, developmental encodings, generative encodings, indirect encodings, regularity}
}

@article{Reisinger2006SelectingRepresentations,
    title = {{Selecting for Evolvable Representations}},
    year = {2006},
    journal = {GECCO’06 Proceedings},
    author = {Reisinger, Joseph and Miikkulainen, Risto},
    keywords = {Control Methods, Global Optimization, I28 [Artificial Intelligence], Problem Solving, and Search General Terms experimentation, development, estimation-of-distribution, evolvability, indirect encodings, measurement, modularity, performance Keywords genetic algorithms, representations}
}

@article{Reisinger2005TowardsEvolvability,
    title = {{Towards an Empirical Measure of Evolvability}},
    year = {2005},
    journal = {GECCO’05 Proceedings},
    author = {Reisinger, Joseph and Stanley, Kenneth O and Miikkulainen, Risto},
    keywords = {Control Methods, Global Optimization, I28 [Artificial Intelligence], Problem Solving, and Search General Terms experimentation, development, evolvability, genetic regulatory networks, indirect en-codings, measurement, performance Keywords genetic algorithms, representations}
}

@inproceedings{Whitacre2010TheEnvironments,
    title = {{The role of degenerate robustness in the evolvability of multi-agent systems in dynamic environments}},
    year = {2010},
    booktitle = {Lecture Notes in Computer Science (including subseries Lecture Notes in Artificial Intelligence and Lecture Notes in Bioinformatics)},
    author = {Whitacre, James M. and Rohlfshagen, Philipp and Bender, Axel and Yao, Xin},
    isbn = {3642158439},
    doi = {10.1007/978-3-642-15844-5{\_}29},
    issn = {03029743}
}

@article{Wagner1996Perspective:Evolvability,
    title = {{Perspective: Complex Adaptations and the Evolution of Evolvability}},
    year = {1996},
    journal = {Source: Evolution INTERNATIONAL JOURNAL OF ORGANIC EVOLUTION PUBLISHED BY THE SOCIETY FOR THE STUDY OF EVOLUTION Evolution},
    author = {Wagner, Gunter P and Altenberg, Lee and Wagner1, Gunter P and Altenberg2, Lee},
    number = {503},
    pages = {967--976},
    volume = {50},
    url = {http://www.jstor.org/stable/2410639 http://about.jstor.org/terms}
}

@article{Hu2010EvolvabilityBiology,
    title = {{Evolvability and Speed of Evolutionary Algorithms in Light of Recent Developments in Biology}},
    year = {2010},
    journal = {Journal of Artificial Evolution and Applications},
    author = {Hu, Ting and Banzhaf, Wolfgang},
    doi = {10.1155/2010/568375},
    issn = {1687-6229}
}

@article{TheBiology,
    title = {{The Modern Synthesis is the current paradigm in evolutionary biology}}
}

@inproceedings{Whitacre2012EvolutionaryWorld,
    title = {{Evolutionary mechanics: New engineering principles for the emergence of flexibility in a dynamic and uncertain world}},
    year = {2012},
    booktitle = {Natural Computing},
    author = {Whitacre, James M. and Rohlfshagen, Philipp and Bender, Axel and Yao, Xin},
    isbn = {1567-7818},
    doi = {10.1007/s11047-011-9296-3},
    issn = {15677818},
    pmid = {22962549},
    arxivId = {1101.4103},
    keywords = {Complex systems engineering, Degeneracy, Dynamic capabilities, Dynamic optimization, Evolvability, Redundancy, Robustness, Strategic planning}
}

@article{2010ArtificialDevelopment,
    title = {{Artificial Evolutionary Development}},
    year = {2010}
}

@book{Griffiths2015IntroductionAnalysis,
    title = {{Introduction to genetic analysis}},
    year = {2015},
    author = {Griffiths, Anthony J. F. and Wessler, Susan R. and Carroll, Sean B. and Doebley, John F.},
    pages = {868},
    isbn = {9781464109485}
}

@article{Gatys2015AStyle,
    title = {{A Neural Algorithm of Artistic Style}},
    year = {2015},
    author = {Gatys, Leon A. and Ecker, Alexander S. and Bethge, Matthias},
    month = {8},
    url = {http://arxiv.org/abs/1508.06576},
    arxivId = {1508.06576}
}

@article{KrizhevskyImageNetNetworks,
    title = {{ImageNet Classification with Deep Convolutional Neural Networks}},
    author = {Krizhevsky, Alex and Sutskever, Ilya and Hinton, Geoffrey E}
}

@article{Silver2016MasteringSearch,
    title = {{Mastering the game of Go with deep neural networks and tree search}},
    year = {2016},
    journal = {Nature},
    author = {Silver, David and Huang, Aja and Maddison, Chris J. and Guez, Arthur and Sifre, Laurent and van den Driessche, George and Schrittwieser, Julian and Antonoglou, Ioannis and Panneershelvam, Veda and Lanctot, Marc and Dieleman, Sander and Grewe, Dominik and Nham, John and Kalchbrenner, Nal and Sutskever, Ilya and Lillicrap, Timothy and Leach, Madeleine and Kavukcuoglu, Koray and Graepel, Thore and Hassabis, Demis},
    number = {7587},
    month = {1},
    pages = {484--489},
    volume = {529},
    publisher = {Nature Research},
    url = {http://www.nature.com/doifinder/10.1038/nature16961},
    doi = {10.1038/nature16961},
    issn = {0028-0836}
}

@article{Persson2007WetTires,
    title = {{Wet adhesion with application to tree frog adhesive toe pads and tires}},
    year = {2007},
    journal = {Journal of Physics: Condensed Matter},
    author = {Persson, B N J},
    number = {37},
    month = {9},
    pages = {376110},
    volume = {19},
    publisher = {IOP Publishing},
    url = {http://stacks.iop.org/0953-8984/19/i=37/a=376110?key=crossref.1f394a4e859f6f29dbe02c09446221d6},
    doi = {10.1088/0953-8984/19/37/376110},
    issn = {0953-8984}
}

@article{Stenzel2011Drag-reducingShipping,
    title = {{Drag-reducing paints for the reduction of fuel consumption in aviation and shipping}},
    year = {2011},
    journal = {Progress in Organic Coatings},
    author = {Stenzel, Volkmar and Wilke, Yvonne and Hage, Wolfram},
    number = {4},
    pages = {224--229},
    volume = {70},
    doi = {10.1016/j.porgcoat.2010.09.026},
    issn = {03009440}
}

@article{Grimes2012THE,
    title = {{THE DESIGN OF ATRIAS 1.0 A UNIQUE MONOPOD, HOPPING ROBOT *}},
    year = {2012},
    author = {Grimes, Jesse A and Hurst, Jonathan W},
    keywords = {hopping, legged, monopod, robot, running, walking}
}

@inproceedings{Prothmann2009EvolutionaryOptimisation,
    title = {{Evolutionary algorithms for traffic signal optimisation}},
    year = {2009},
    booktitle = {Proceedings of mobil.TUM 2009 - International Scientific Conference on Mobility and Transport},
    author = {Prothmann, Holger and Schmeck, Hartmut and Schmeck, Hartmut},
    publisher = {TU M{\"{u}}nchen}
}

@book{Poli2008AProgramming,
    title = {{A field guide to genetic programming}},
    year = {2008},
    author = {Poli, R and Langdon, WB and McPhee, NF and Koza, JR},
    url = {https://books.google.com/books?hl=en&lr=&id=3PBrqNK5fFQC&oi=fnd&pg=PR11&dq=A+field+guide+to+genetic+programming&ots=ftyzkakWsL&sig=xFMLLhD8OxvkEn9K6HaGxRegcvA}
}

@article{BarrettASpecializations,
    title = {{A hierarchical model of the evolution of human brain specializations}},
    author = {Barrett, H Clark and Ayala, Francisco J},
    doi = {10.1073/pnas.1201898109}
}

@article{Downing2009ComputationalEffect,
    title = {{Computational Explorations of the Baldwin Effect}},
    year = {2009},
    author = {Downing, Keith}
}

@article{Downing2010TheNetworks,
    title = {{The Baldwin Effect in Developing Neural Networks}},
    year = {2010},
    journal = {GECCO Proceedings},
    author = {Downing, Keith L},
    keywords = {Categories and Subject Descriptors I26[Learning]}
}

@article{Downing2012HeterochronousBaldwinism,
    title = {{Heterochronous Neural Baldwinism}},
    year = {2012},
    journal = {Artificial Life},
    author = {Downing, Keith L},
    volume = {13}
}

@article{Downing2010DarwinInte,
    title = {{Darwin in the Machine: Evolving Neural Networks for Artificial Intelligence in the Machine: Evolving Neural Networks for Artificial Inte}},
    year = {2010},
    author = {Downing, Keith L and Downing Darwin, Keith L}
}

@article{Smith1985DevelopmentalBiology,
    title = {{Developmental Constraints and Evolution: A Perspective from the Mountain Lake Conference on Development and Evolution The Quarterly Review of Biology}},
    year = {1985},
    journal = {The Quarterly Review of Biology},
    author = {Smith, J Maynard and Burian, R and Kauffman, S and Alberch, P and Campbell, J and Goodwin, B and Lande, R and Raup, D and Wolpert, L},
    number = {3},
    pages = {265--287},
    volume = {60},
    url = {http://www.jstor.org/stable/2828504}
}

@article{Kashtan2005SpontaneousMotifs,
    title = {{Spontaneous evolution of modularity and network motifs}},
    year = {2005},
    journal = {PNAS},
    author = {Kashtan, Nadav and Alon, Uri},
    number = {39},
    pages = {13773–13778},
    volume = {102},
    doi = {10.1073/pnas.0503610102},
    pmid = {16174729}
}

@article{Mengistu2016EvolvabilityIt,
    title = {{Evolvability Search: Directly Selecting for Evolvability in order to Study and Produce It}},
    year = {2016},
    journal = {GECCO Proceedings},
    author = {Mengistu, Henok and Lehman, Joel and Clune, Jeff},
    keywords = {Divergent Search, Evolutionary Algorithms, Evolvability}
}

@article{Wilder2015ReconcilingEvolvability,
    title = {{Reconciling explanations for the evolution of evolvability}},
    year = {2015},
    journal = {Adaptive Behavior},
    author = {Wilder, Bryan and Stanley, Kenneth},
    number = {3},
    pages = {171--179},
    volume = {23},
    doi = {10.1177/1059712315584166},
    keywords = {Evolvability, evolutionary computation, gene regulatory networks}
}

@article{Pigliucci2008IsEvolvable,
    title = {{Is evolvability evolvable?}},
    year = {2008},
    journal = {Nature Reviews Genetics.},
    author = {Pigliucci, Massimo},
    number = {1},
    pages = {75--82},
    volume = {9},
    doi = {10.1038/nrg2278}
}

@article{AkosSeressAnTheory,
    title = {{An Introduction to Computational Group Theory}},
    author = {{Akos Seress}}
}

@article{Risi2012AGeometry,
    title = {{A Unified Approach to Evolving Plasticity and Neural Geometry}},
    year = {2012},
    author = {Risi, Sebastian and Stanley, Kenneth O},
    publisher = {IEEE}
}

@article{Tonelli2011OnSystems,
    title = {{On the Relationships between Synaptic Plasticity and Generative Systems. On the Relationships between Synaptic Plastic- ity and Generative Systems}},
    year = {2011},
    author = {Tonelli, Paul and Mouret, Jean-Baptiste},
    pages = {1531--1538},
    volume = {11},
    url = {https://hal.archives-ouvertes.fr/hal-00687621},
    doi = {10.1145/2001576.2001782>}
}

@article{Mouret2010ImportingGanglia,
    title = {{Importing the Computational Neuroscience Toolbox into Neuro-Evolution—Application to Basal Ganglia}},
    year = {2010},
    journal = {Proceedings of GECCO’10},
    author = {Mouret, Jean-Baptiste and Doncieux, Stéphane and Girard, Benoît},
    keywords = {basal ganglia, computational neu-roscience, neural networks, neuro-evolution}
}

@article{Tonelli2013OnNetworks,
    title = {{On the relationships between generative encodings, regularity, and learning abilities when evolving plastic artificial neural networks}},
    year = {2013},
    journal = {PLoS ONE},
    author = {Tonelli, Paul and Mouret, Jean Baptiste},
    isbn = {9780262326216},
    doi = {10.1371/journal.pone.0079138},
    issn = {19326203},
    pmid = {24236099}
}

@article{Moczek2011TheInnovation,
    title = {{The role of developmental plasticity in evolutionary innovation}},
    year = {2011},
    journal = {Proc. R. Soc. B},
    author = {Moczek, Armin P and Sultan, Sonia and Foster, Susan and Led{\'{o}} N-Rettig, Cris and Dworkin, Ian and Nijhout, H Fred and Abouheif, Ehab and Pfennig, David W},
    doi = {10.1098/rspb.2011.0971},
    keywords = {developmental plasticity, genetic accommodation, genetic assimilation, novelty}
}

@article{Fusco2010PhenotypicConcepts,
    title = {{Phenotypic plasticity in development and evolution: facts and concepts}},
    year = {2010},
    journal = {Philosophical Transactions of The Royal Society},
    author = {Fusco, Giuseppe and Minelli, Alessandro},
    pages = {547--556},
    volume = {365},
    doi = {10.1098/rstb.2009.0267}
}

@article{Forsman2014RethinkingSpecies,
    title = {{Rethinking phenotypic plasticity and its consequences for individuals, populations and species}},
    year = {2014},
    author = {Forsman, A},
    volume = {115},
    doi = {10.1038/hdy.2014.92}
}

@inproceedings{Risi2010IndirectlyRules,
    title = {{Indirectly encoding neural plasticity as a pattern of local rules}},
    year = {2010},
    booktitle = {Lecture Notes in Computer Science (including subseries Lecture Notes in Artificial Intelligence and Lecture Notes in Bioinformatics)},
    author = {Risi, Sebastian and Stanley, Kenneth O.},
    isbn = {3642151922},
    doi = {10.1007/978-3-642-15193-4{\_}50},
    issn = {03029743},
    keywords = {Adaptation, HyperNEAT, Learning, Neuroevolution}
}

@article{Risi2010EvolvingSubstrate,
    title = {{Evolving the Placement and Density of Neurons in the HyperNEAT Substrate}},
    year = {2010},
    author = {Risi, Sebastian and Lehman, Joel and Stanley, Kenneth O},
    keywords = {HyperNEAT, NEAT, Neuroevolution}
}

@article{Risi2011EnhancingNetworks,
    title = {{Enhancing ES-HyperNEAT to Evolve More Complex Regular Neural Networks}},
    year = {2011},
    author = {Risi, Sebastian and Stanley, Kenneth O},
    publisher = {ACM},
    keywords = {Categories and, Descriptors, Subject}
}

@misc{Ha2015Neurogram,
    title = {{Neurogram}},
    year = {2015},
    author = {Ha, David},
    url = {http://blog.otoro.net/2015/07/31/neurogram/}
}

@article{Chen2014AugmentingInference,
    title = {{Augmenting Microarray Data with Literature-Based Knowledge to Enhance Gene Regulatory Network Inference}},
    year = {2014},
    journal = {PLoS Computational Biology},
    author = {Chen, Guocai and Cairelli, Michael J. and Kilicoglu, Halil and Shin, Dongwook and Rindflesch, Thomas C.},
    doi = {10.1371/journal.pcbi.1003666},
    issn = {15537358},
    pmid = {24921649}
}

@misc{Mordvintsev2015Inceptionism:Networks,
    title = {{Inceptionism: Going Deeper into Neural Networks}},
    year = {2015},
    booktitle = {Google Research Blog},
    author = {Mordvintsev, Alexander and Olah, Christopher and Tyka, Mike},
    url = {https://research.googleblog.com/2015/06/inceptionism-going-deeper-into-neural.html}
}

@misc{Mordvintsev2015DeepDreamNetworks,
    title = {{DeepDream - a code example for visualizing Neural Networks}},
    year = {2015},
    booktitle = {Google Research Blog},
    author = {Mordvintsev, Alexander and Olah, Christopher and Tyka, Mike},
    url = {https://research.googleblog.com/2015/07/deepdream-code-example-for-visualizing.html}
}

@article{Cheney2013UnshacklingEncoding,
    title = {{Unshackling Evolution: Evolving Soft Robots with Multiple Materials and a Powerful Generative Encoding}},
    year = {2013},
    author = {Cheney, Nick and Maccurdy, Robert and Clune, Jeff and Lipson, Hod},
    keywords = {Algorithms, CPPN-NEAT, Categories and Subject Descriptors, Design, Evolving Morphologies, Experimentation Keywords, Generative Encodings, Genetic Algorithms, HyperNEAT, I211 [Distributed Artificial Intelligence], Intelligent Agents General Terms, Soft-Robotics}
}

@article{Stanley2009ANetworks,
    title = {{A Hypercube-Based Indirect Encoding for Evolving Large-Scale Neural Networks}},
    year = {2009},
    journal = {Artificial Life journal},
    author = {Stanley, Kenneth O and D 'ambrosio, David and Gauci, Jason},
    number = {2},
    volume = {15},
    publisher = {MIT Press},
    keywords = {CPPNs, Compositional Pattern Producing Networks, HyperNEAT, generative and developmental systems, indirect encoding, large-scale artificial neural networks}
}

@misc{ImageRecognition,
    title = {{Image Recognition}},
    booktitle = {TensorFlow},
    url = {https://www.tensorflow.org/versions/r0.11/tutorials/image_recognition/index.html}
}

@misc{Wolfram2015WolframProject,
    title = {{Wolfram Language Artificial Intelligence: The Image Identification Project}},
    year = {2015},
    booktitle = {Stephen Wolfram Blog},
    author = {Wolfram, Stephen},
    url = {http://blog.stephenwolfram.com/2015/05/wolfram-language-artificial-intelligence-the-image-identification-project/}
}

@article{Silver2016MasteringSearchb,
    title = {{Mastering the game of Go with deep neural networks and tree search}},
    year = {2016},
    journal = {Nature},
    author = {Silver, David and Huang, Aja and Maddison, Chris J. and Guez, Arthur and Sifre, Laurent and van den Driessche, George and Schrittwieser, Julian and Antonoglou, Ioannis and Panneershelvam, Veda and Lanctot, Marc and Dieleman, Sander and Grewe, Dominik and Nham, John and Kalchbrenner, Nal and Sutskever, Ilya and Lillicrap, Timothy and Leach, Madeleine and Kavukcuoglu, Koray and Graepel, Thore and Hassabis, Demis},
    number = {7587},
    month = {1},
    pages = {484--489},
    volume = {529},
    publisher = {Nature Research},
    url = {http://www.nature.com/doifinder/10.1038/nature16961},
    doi = {10.1038/nature16961},
    issn = {0028-0836}
}

@article{GuRecentNetworks,
    title = {{Recent Advances in Convolutional Neural Networks}},
    author = {Gu, Jiuxiang and Wang, Zhenhua and Kuen, Jason and Ma, Lianyang and Shahroudy, Amir and Shuai, Bing and Liu, Ting and Wang, Xingxing and Wang, Gang},
    keywords = {Deep learning, Index Terms—Convolutional Neural Network}
}

@misc{Gu2003EvolutionMutations,
    title = {{Evolution of duplicate genes versus genetic robustness against null mutations}},
    year = {2003},
    booktitle = {Trends in Genetics},
    author = {Gu, Xun},
    isbn = {0028-0836},
    doi = {10.1016/S0168-9525(03)00139-2},
    issn = {01689525},
    pmid = {12511954}
}

@misc{Wikipediacontributors2016BrownRat,
    title = {{Brown rat}},
    year = {2016},
    booktitle = {Wikipedia, The Free Encyclopedia},
    author = {{Wikipedia contributors}},
    url = {https://en.wikipedia.org/wiki/Brown_rat}
}

@article{Tuinstra1990LackDevelopment,
    title = {{Lack of response to family selection for direction asymmetry in Drosophila melanogaster: left and right are not distinguished during development}},
    year = {1990},
    journal = {Proc. R. Soc. Lond. B},
    author = {Tuinstra, E.J. and De Jong, G and Scharloo, W},
    number = {1301},
    pages = {146--152},
    volume = {241}
}

@article{Coyne1987LackMelanogaster,
    title = {{Lack of response to selection for direction asymmetry in Drosophila melanogaster}},
    year = {1987},
    journal = {Journal of Heredity},
    author = {Coyne, J. A.},
    number = {119},
    volume = {78}
}

@article{Purnell1973SelectionMelanogaster,
    title = {{Selection for asymmetrical bias in a behavioral character of Drosophila melanogaster}},
    year = {1973},
    journal = {Heredity},
    author = {Purnell, D. J. and Thompson, J. N. J.},
    pages = {401--405},
    volume = {31}
}

@article{ManyardSmith1960ThePattern,
    title = {{The genetics of a pattern}},
    year = {1960},
    journal = {Genetics},
    author = {Manyard Smith, J. and Sondhi, K. C.},
    pages = {1039--1050},
    volume = {45}
}

@article{1Anti-racism-1,
    title = {{1 Pollock, Defining Everyday Anti-racism-1}}
}

@article{Ata2015ArtificialReview,
    title = {{Artificial neural networks applications in wind energy systems: a review}},
    year = {2015},
    journal = {Renewable and Sustainable Energy Reviews},
    author = {Ata, Rasit},
    pages = {534--562},
    volume = {49},
    doi = {10.1016/j.rser.2015.04.166}
}

@article{Fehervari2010EvolvingRobots,
    title = {{Evolving Neural Network Controllers for a Team of Self-Organizing Robots}},
    year = {2010},
    journal = {Journal of Robotics},
    author = {Feh{\'{e}}rv{\'{a}}ri, István and Elmenreich, Wilfried},
    volume = {10},
    publisher = {Hindawi Publishing Corporation},
    doi = {10.1155/2010/841286}
}

@article{Sher2011EvolvingAgents,
    title = {{Evolving Chart Pattern Sensitive Neural Network Based Forex Trading Agents}},
    year = {2011},
    author = {Sher, Gene I.},
    month = {11},
    url = {http://arxiv.org/abs/1111.5892},
    arxivId = {1111.5892}
}

@article{Gregory2008TheOrgans,
    title = {{The Evolution of Complex Organs}},
    year = {2008},
    journal = {Evolution: Education and Outreach},
    author = {Gregory, T Ryan},
    number = {4},
    pages = {358--389},
    volume = {1},
    doi = {10.1007/s12052-008-0076-1},
    keywords = {Adaptation, Co-option, Constraints, Convergence, Crystallin, Duplication, Exaptation, Eye, Functional shift, Historical contingency, Introduction, Lens, Natural selection, Opsin, Photoreceptor}
}

@article{Gould1982Exaptation-aForm,
    title = {{Exaptation-a missing term in the science of form}},
    year = {1982},
    journal = {Source: Paleobiology Paleobiology},
    author = {Gould, Stephen Jay and Vrba, Elisabeth S and Gould, Stephen J},
    number = {81},
    pages = {4--15},
    volume = {8},
    url = {http://www.jstor.org/stable/2400563 http://about.jstor.org/terms}
}

@article{Escriva2006NeofunctionalizationReceptors,
    title = {{Neofunctionalization in vertebrates: The example of retinoic acid receptors}},
    year = {2006},
    journal = {PLoS Genetics},
    author = {Escriva, Hector and Bertrand, Stéphanie and Germain, Pierre and Robinson-Rechavi, Marc and Umbhauer, Muriel and Cartry, Jérôme and Duffraisse, Marilyne and Holland, Linda and Gronemeyer, Hinrich and Laudet, Vincent},
    isbn = {1553-7404 (Electronic)},
    doi = {10.1371/journal.pgen.0020102},
    issn = {15537390},
    pmid = {16839186}
}

@book{Skinner1991TheAnalysis,
    title = {{The Behavior of Organisms: An Experimental Analysis}},
    year = {1991},
    author = {Skinner, B. F.},
    pages = {473},
    publisher = {Copley Publishing Group},
    isbn = {9780874114874}
}

@article{Kappraff2004GrowthNumber,
    title = {{Growth in Plants: A Study in Number}},
    year = {2004},
    journal = { Form},
    author = {Kappraff, Jay},
    pages = {335--354},
    volume = {19},
    keywords = {Continued Fractions, Farey Series, Fibonacci Numbers, Golden Mean, Phyllotaxis, Wythoff's Game, Zeckendorf Notation}
}

@misc{RoyalHorticulturalSocietyAloePolyphylla,
    title = {{Aloe polyphylla}},
    author = {{Royal Horticultural Society}},
    url = {https://www.rhs.org.uk/Plants/135837/i-Aloe-polyphylla-i/Details}
}

@article{Pfennig1992PolyphenismStrategy,
    title = {{Polyphenism In Spadefoot Toad Tadpoles as a Locally Adjusted Evolutionarily Stable Strategy}},
    year = {1992},
    journal = {Evolution},
    author = {Pfennig, David W.},
    number = {5},
    pages = {1408--1420},
    volume = {46}
}

@article{Lepore2010BrainSubjects,
    title = {{Brain structure changes visualized in early- and late-onset blind subjects}},
    year = {2010},
    journal = {NeuroImage},
    author = {Lepor{\'{e}}, Natasha and Voss, Patrice and Lepore, Franco and Chou, Yi Yu and Fortin, Madeleine and Gougoux, Frédéric and Lee, Agatha D. and Brun, Caroline and Lassonde, Maryse and Madsen, Sarah K. and Toga, Arthur W. and Thompson, Paul M.},
    isbn = {1053-8119},
    doi = {10.1016/j.neuroimage.2009.07.048},
    issn = {10538119},
    pmid = {19643183},
    keywords = {Blindness, Brain imaging, Corpus callosum, MRI, Plasticity, Tensor-based morphometry}
}

@misc{DeKroon2005APlants,
    title = {{A modular concept of phenotypic plasticity in plants}},
    year = {2005},
    booktitle = {New Phytologist},
    author = {De Kroon, Hans and Huber, Heidrun and Stuefer, Josef F. and Van Groenendael, Jan M.},
    isbn = {0028-646X},
    doi = {10.1111/j.1469-8137.2004.01310.x},
    issn = {0028646X},
    pmid = {15760352},
    keywords = {Heterogeneity, Hierarchical, Independence, Integration, Modularity, Phenotypic plasticity, Reaction norm, Selection}
}

@article{Schlichting1986ThePlants,
    title = {{The Evolution of Phenotypic Plasticity in Plants}},
    year = {1986},
    journal = {Source: Annual Review of Ecology and Systematics Ann. Rev. Ecol. Syst},
    author = {Schlichting, Carl D},
    number = {17},
    volume = {17},
    url = {http://www.jstor.org/stable/2097012 http://www.jstor.org/stable/2097012?seq=1&cid=pdf-reference#references_tab_contents http://about.jstor.org/terms}
}

@article{Whitacre2010Degeneracy:Evolvability,
    title = {{Degeneracy: A design principle for achieving robustness and evolvability}},
    year = {2010},
    journal = {Journal of Theoretical Biology},
    author = {Whitacre, James and Bender, Axel},
    isbn = {1095-8541},
    doi = {10.1016/j.jtbi.2009.11.008},
    issn = {00225193},
    pmid = {19925810},
    arxivId = {0907.0510},
    keywords = {Distributed robustness, Evolution, Fitness landscapes, Neutral networks, Redundancy}
}

@article{Sauer2004TheColi,
    title = {{The Soluble and Membrane-bound Transhydrogenases UdhA and PntAB Have Divergent Functions in NADPH Metabolism of Escherichia coli}},
    year = {2004},
    journal = {Journal of Biological Chemistry},
    author = {Sauer, Uwe and Canonaco, Fabrizio and Heri, Sylvia and Perrenoud, Annik and Fischer, Eliane},
    isbn = {0021-9258},
    doi = {10.1074/jbc.M311657200},
    issn = {00219258},
    pmid = {14660605}
}

@article{Edelman2001DegeneracySystems,
    title = {{Degeneracy and complexity in biological systems}},
    year = {2001},
    journal = {PNAS},
    author = {Edelman, Gerald M and Gally, Joseph A},
    number = {22},
    pages = {13736--13768},
    volume = {98}
}

@article{Arthur1999TheEvolution,
    title = {{The Pattern of Variation in Centipede Segment Number as an Example of Developmental Constraint in Evolution}},
    year = {1999},
    journal = {J. theor. Biol},
    author = {Arthur, Wallace and Malcolm Farrow, -and},
    volume = {200},
    url = {http://www.idealibrary.com}
}

@article{IraniTurkopticon:Turk,
    title = {{Turkopticon: Interrupting Worker Invisibility in Amazon Mechanical Turk}},
    author = {Irani, Lilly C and Six Silberman, M},
    keywords = {Amazon Mechanical Turk, Author Keywords Activism, HCI), Miscellaneous, design, human computation, infrastructure}
}

@book{Brinkman2013EthicsCulture,
    title = {{Ethics in a Computing Culture}},
    year = {2013},
    booktitle = {Cengage},
    author = {Brinkman, William John and Sanders, Alton F.}
}

@article{Hofreiter2008MammothGenetics,
    title = {{Mammoth genetics}},
    year = {2008},
    journal = {Nature},
    author = {Hofreiter, Michael},
    pages = {330--331},
    volume = {456}
}

@article{Kim2011HowBody,
    title = {{How many cells are there in the human body?}},
    year = {2011},
    journal = {MicrobeHunter Microscopy Magazine},
    author = {Kim, Oliver},
    month = {1}
}

@article{Moser2008PlaceSystem,
    title = {{Place Cells, Grid Cells, and the Brain's Spatial Representation System}},
    year = {2008},
    author = {Moser, Edvard I and Kropff, Emilio and Moser, May-Britt},
    doi = {10.1146/annurev.neuro.31.061307.090723},
    keywords = {attractor, entorhinal cortex, hippocampus, memory, path integration, phase precession}
}

@article{Kashtan2007VaryingEvolution,
    title = {{Varying environments can speed up evolution}},
    year = {2007},
    journal = {Proceedings of the National Academy of Sciences},
    author = {Kashtan, Nadav and Noor, Elad and Alon, Uri},
    number = {34},
    pages = {13711--13716},
    volume = {104}
}

@article{Sinervo1996TheStrategies,
    title = {{The rock-paper-scissors game and the evolution of alternative male strategies}},
    year = {1996},
    journal = {Nature},
    author = {Sinervo, B. and Lively, C.},
    number = {6571},
    pages = {240--243},
    volume = {380}
}

@article{Dutta1979EarlobeAssam,
    title = {{Earlobe Attachment Among the Ahom od Dibrugarh, Upper Assam}},
    year = {1979},
    journal = {Current Anthropology},
    author = {Dutta, Mohendra Nath},
    number = {2},
    pages = {399},
    volume = {20}
}

@misc{Arns2011FraleyFacebook,
    title = {{Fraley v. Facebook}},
    year = {2011},
    booktitle = {United States District Court, Northern District of California, San Hose Division},
    author = {Arns, Robert S and Davis, Jonathan E and Weinmann, Steven R and Jaffe, Jonathan M}
}

@misc{Hill2013OnlyAds,
    title = {{Only 614,994 Facebook Users To Get Paid For Appearing In 'Sponsored Story' Ads}},
    year = {2013},
    booktitle = {Forbes},
    author = {Hill, Kashmir},
    url = {http://www.forbes.com/sites/kashmirhill/2013/06/27/only-614994-facebook-users-to-get-paid-for-appearing-in-sponsored-story-ads/}
}

@misc{Hill2013WhySettlement,
    title = {{Why I Can't Claim My {\$}10 From Facebook In The 'Sponsored Stories' Settlement}},
    year = {2013},
    booktitle = {Forbes},
    author = {Hill, Kashmir},
    url = {http://www.forbes.com/sites/kashmirhill/2013/01/28/why-i-cant-claim-my-10-from-facebook-in-the-sponsored-stories-settlement/#17ed9a653d62}
}

@article{Johnson2012LinguisticExam,
    title = {{Linguistic discrimination in writing assessment: How raters react to African American {\&}quot;errors,{\&}quot; ESL errors, and standard English errors on a state-mandated writing exam}},
    year = {2012},
    journal = {Assessing Writing},
    author = {Johnson, David and VanBrackle, Lewis},
    number = {1},
    pages = {35--54},
    volume = {17}
}

@article{Hornby2006AutomatedAlgorithms,
    title = {{Automated Antenna Design with Evolutionary Algorithms}},
    year = {2006},
    journal = {AIAA Space},
    author = {Hornby, Gregory S and Globus, Al and Linden, Derek S and Lohn, Jason D},
    pages = {19--21}
}

@misc{Pigliucci2007DoSynthesis,
    title = {{Do we need an extended evolutionary synthesis?}},
    year = {2007},
    booktitle = {Evolution},
    author = {Pigliucci, Massimo},
    isbn = {0014-3820},
    doi = {10.1111/j.1558-5646.2007.00246.x},
    issn = {00143820},
    pmid = {17924956},
    arxivId = {arXiv:1011.1669v3},
    keywords = {Epigenetic inheritance, Evolutionary novelties, Extended evolutionary synthesis, Modern Synthesis, Paradigm shift, Phenotypic plasticity}
}

@article{KachrooTrafficFramework,
    title = {{Traffic Flow Theory Mathematical Framework}},
    author = {Kachroo, Pushkin and Sastry, Shankar}
}

@article{forTransport2016ResearchReview,
    title = {{Research on the impacts of connected and autonomous vehicles on traffic flow: evidence review}},
    year = {2016},
    author = {for Transport, Department}
}

@article{testTest,
    title = {{test}},
    author = {test, test}
}

@misc{WSDOT2017WSDOTTimes,
    title = {{WSDOT - 95{\%} Reliable Travel Times}},
    year = {2017},
    booktitle = {Washington State Department of Transportation},
    author = {{WSDOT}},
    url = {https://www.wsdot.com/traffic/Seattle/TravelTimes/reliability/default.aspx}
}

@misc{Jones2001SciPy:Python,
    title = {{SciPy: Open source scientific tools for Python}},
    year = {2001},
    author = {Jones, Eric and Oliphant, Travis and Peterson, Pearu and {and others}},
    url = {http://www.scipy.org/}
}

@techreport{Schrank20152015Scorecard,
    title = {{2015 Urban Mobility Scorecard}},
    year = {2015},
    author = {Schrank, David and Eisele, Bill and Lomax, Tim and Bak, Jim},
    institution = {The Texas A{\&}M Transportation Institute and INRIX  }
}

@article{Cheney2016TopologicalAutomata,
    title = {{Topological evolution for embodied cellular automata}},
    year = {2016},
    journal = {Theoretical Computer Science},
    author = {Cheney, Nick and Lipson, Hod},
    doi = {10.1016/j.tcs.2015.06.024},
    issn = {03043975},
    keywords = {Artificial life, Cellular automata, Complex systems, Embodied cognition, Evolutionary computation, Non-uniform, Topological optimization}
}

@article{Draghi2009TheModel,
    title = {{The evolutionary dynamics of evolvability in a gene network model}},
    year = {2009},
    journal = {Journal of Evolutionary Biology},
    author = {Draghi, J. and Wagner, G. P.},
    isbn = {1010-061X},
    doi = {10.1111/j.1420-9101.2008.01663.x},
    issn = {1010061X},
    pmid = {19170816},
    keywords = {Evolutionary modelling, Evolutionary theory, Evolvability, Gene networks, Network models, Population genetics, Robustness}
}

@article{Draghi2009TheModelb,
    title = {{The evolutionary dynamics of evolvability in a gene network model}},
    year = {2009},
    journal = {Journal of Evolutionary Biology},
    author = {Draghi, J. and Wagner, G. P.},
    isbn = {1010-061X},
    doi = {10.1111/j.1420-9101.2008.01663.x},
    issn = {1010061X},
    pmid = {19170816},
    keywords = {Evolutionary modelling, Evolutionary theory, Evolvability, Gene networks, Network models, Population genetics, Robustness}
}

@inproceedings{Lehman2008ExploitingNovelty,
    title = {{Exploiting Open-Endedness to Solve Problems Through the Search for Novelty}},
    year = {2008},
    booktitle = {Proceedings of the Eleventh International Conference on Artificial Life (ALIFE XI)},
    author = {Lehman, Joel and Stanley, Kenneth O},
    pages = {329--336},
    publisher = {MIT Press},
    address = {Cambridge, MA}
}

@article{Quayle2006ModellingNetworks,
    title = {{Modelling the evolution of genetic regulatory networks}},
    year = {2006},
    journal = {Journal of Theoretical Biology},
    author = {Quayle, A.P. and Bullock, S.},
    number = {4},
    pages = {737--753},
    volume = {238},
    doi = {10.1016/j.jtbi.2005.06.020},
    issn = {00225193}
}

@article{DwightKuo2006NetworkDivergence,
    title = {{Network topology and the evolution of dynamics in an artificial genetic regulatory network model created by whole genome duplication and divergence}},
    year = {2006},
    journal = {Biosystems},
    author = {Dwight Kuo, P. and Banzhaf, Wolfgang and Leier, André},
    number = {3},
    pages = {177--200},
    volume = {85},
    doi = {10.1016/j.biosystems.2006.01.004},
    issn = {03032647}
}

@article{Quayle2006ModellingNetworksb,
    title = {{Modelling the evolution of genetic regulatory networks}},
    year = {2006},
    journal = {Journal of Theoretical Biology},
    author = {Quayle, A P and Bullock, S},
    pages = {737--753},
    volume = {238},
    keywords = {Artificial genome, Boolean network model, Evolution, Gene expression, Genetic algorithm, Genetic regulatory networks}
}

@article{Kuo2006NetworkDivergence,
    title = {{Network topology and the evolution of dynamics in an arti cial genetic regulatory network model created by whole genome duplication and divergence}},
    year = {2006},
    journal = {Biosystems},
    author = {Kuo, Dwight and Banzhaf, Wolfgang},
    doi = {10.1016/j.biosystems.2006.01.004},
    keywords = {duplication and divergence, grns, network motifs, regulatory networks, scale-free, small-world}
}

@article{Fuegi2015Lovelacenotes,
    title = {{Lovelace {\&}amp; Babbage and the creation of the 1843 'notes'}},
    year = {2015},
    journal = {ACM Inroads},
    author = {F{\"{u}}egi, John and Francis, Jo},
    number = {3},
    month = {8},
    pages = {78--86},
    volume = {6},
    publisher = {ACM},
    url = {http://dl.acm.org/citation.cfm?doid=2815236.2810201},
    doi = {10.1145/2810201},
    issn = {21532184}
}

@article{Knuth1972AncientAlgorithms,
    title = {{Ancient Babylonian algorithms}},
    year = {1972},
    journal = {Communications of the ACM},
    author = {Knuth, Donald E. and E., Donald},
    number = {7},
    month = {7},
    pages = {671--677},
    volume = {15},
    publisher = {ACM},
    url = {http://portal.acm.org/citation.cfm?doid=361454.361514},
    doi = {10.1145/361454.361514},
    issn = {00010782},
    keywords = {Babylonian tablets, history of computation, sexagesimal number system, sorting}
}

@article{Giloi1998KonradZuse,
    title = {{Konrad Zuse}},
    year = {1998},
    journal = {ACM SIGNUM Newsletter},
    author = {Giloi, Wolfgang K. and K., Wolfgang},
    number = {2},
    month = {4},
    pages = {11--16},
    volume = {33},
    publisher = {ACM},
    url = {http://portal.acm.org/citation.cfm?doid=290590.290591},
    doi = {10.1145/290590.290591},
    issn = {01635778}
}

@article{Dijkstra1968LettersHarmful,
    title = {{Letters to the editor: go to statement considered harmful}},
    year = {1968},
    journal = {Communications of the ACM},
    author = {Dijkstra, Edsger W. and W., Edsger},
    number = {3},
    month = {3},
    pages = {147--148},
    volume = {11},
    publisher = {ACM},
    url = {http://portal.acm.org/citation.cfm?doid=362929.362947},
    doi = {10.1145/362929.362947},
    issn = {00010782},
    keywords = {alternative clause, branch instruction, conditional clause, go to statement, jump instruction, program intelligibility, program sequencing, repetitive clause}
}

@article{Brain1,
    title = {{Brain Rules Intro and Chap 1}}
}

@article{Medina2,
    title = {{Medina, Brain Rules Chap 2}}
}

@article{Yong2016InsideLight,
    title = {{Inside the Eye or Seeing the Light}},
    year = {2016},
    journal = {National Geographic},
    author = {Yong, Ed and Liittschwager, David}
}

@inproceedings{Elby1998EvaluationOptimisation,
    title = {{Evaluation of injection island GA performance on flywheel design optimisation}},
    year = {1998},
    booktitle = {Proc. Third Int. Conf. Adaptive Computing in Design and Manufacture},
    author = {Elby, D and Averill, R C and Punch, W F and Goodman, E D}
}

@article{CoyneLackMelanogaster.,
    title = {{Lack of response to selection for directional asymmetry in Drosophila melanogaster.}},
    journal = {The Journal of heredity},
    author = {Coyne, J A},
    number = {2},
    pages = {119},
    volume = {78},
    url = {http://www.ncbi.nlm.nih.gov/pubmed/3108362},
    issn = {0022-1503},
    pmid = {3108362}
}

@article{Lehman2011ImprovingSelf-Adaptation,
    title = {{Improving Evolvability through Novelty Search and Self-Adaptation}},
    year = {2011},
    author = {Lehman, Joel and Stanley, Kenneth O},
    publisher = {IEEE}
}

@inproceedings{Nguyen2015InnovationLearning,
    title = {{Innovation Engines: Automated Creativity and Improved Stochastic Optimization via Deep Learning}},
    year = {2015},
    booktitle = {Proceedings of the Genetic and Evolutionary Computation Conference},
    author = {Nguyen, Anh and Yosinski, Jason and Clune, Jeff},
    url = {http://dx.doi.org/10.1145/2739480.2754703},
    address = {Madrid},
    doi = {10.1145/2739480.2754703},
    keywords = {Categories and Subject Descriptors I26 [AI], Deep Learning, MAP-Elites}
}

@article{Rojas1997KonradZ3,
    title = {{Konrad Zuse's Legacy: The Architecture of the Z1 and Z3}},
    year = {1997},
    journal = {IEEE Annals of the History of Computing},
    author = {Rojas, Raúl},
    number = {5},
    volume = {19}
}

@book{Kirschner2005TheDilemma,
    title = {{The plausibility of life : resolving Darwin's dilemma}},
    year = {2005},
    author = {Kirschner, Marc. and Gerhart, John},
    pages = {314},
    publisher = {Yale University Press},
    isbn = {0300119771}
}

@book{Guyton1971BasicDisease,
    title = {{Basic human physiology: normal function and mechanisms of disease}},
    year = {1971},
    author = {Guyton, Arthur C.},
    pages = {721},
    publisher = {Saunders},
    isbn = {0721643825}
}

@article{Benzinger1969HeatMan.,
    title = {{Heat regulation: homeostasis of central temperature in man.}},
    year = {1969},
    journal = {Physiological reviews},
    author = {Benzinger, T H},
    number = {4},
    month = {10},
    pages = {671--759},
    volume = {49},
    url = {http://www.ncbi.nlm.nih.gov/pubmed/4898601},
    issn = {0031-9333},
    pmid = {4898601},
    keywords = {Biology, Body Temperature, Literature Review, Physiology}
}

@article{Hamdoun2007EmbryoWorld.,
    title = {{Embryo stability and vulnerability in an always changing world.}},
    year = {2007},
    journal = {Proceedings of the National Academy of Sciences of the United States of America},
    author = {Hamdoun, Amro and Epel, David},
    number = {6},
    month = {2},
    pages = {1745--50},
    volume = {104},
    publisher = {National Academy of Sciences},
    url = {http://www.ncbi.nlm.nih.gov/pubmed/17264211 http://www.pubmedcentral.nih.gov/articlerender.fcgi?artid=PMC1794293},
    doi = {10.1073/pnas.0610108104},
    issn = {0027-8424},
    pmid = {17264211}
}

@book{Wilson2007EvolutionLives,
    title = {{Evolution for everyone : How Darwin's theory can change the way we think about our lives}},
    year = {2007},
    author = {Wilson, David Sloan.},
    pages = {390},
    publisher = {Delta},
    isbn = {0385340923}
}

@article{Medina3,
    title = {{Medina, Brain Rules Chap 3}}
}

@article{DouglasHowDo,
    title = {{How does natural selection create so much complexity so fast? A bold new theory says it learns and remembers past solutions just as our brains do}},
    journal = {New Scientist},
    author = {Douglas, Kate}
}

@article{Watson2016HowLearn,
    title = {{How Can Evolution Learn?}},
    year = {2016},
    journal = {Trends in Ecology {\&} Evolution},
    author = {Watson, Richard A. and Szathm{\'{a}}ry, Eörs},
    number = {2},
    month = {2},
    pages = {147--157},
    volume = {31},
    url = {http://linkinghub.elsevier.com/retrieve/pii/S0169534715002931},
    doi = {10.1016/j.tree.2015.11.009},
    issn = {01695347}
}

@article{TaylorOpen-EndedYork,
    title = {{Open-Ended Evolution: Perspectives from the OEE Workshop in York}},
    author = {Taylor, Tim and Bedau, Mark and Channon, Alastair and Ackley, David and Banzhaf, Wolfgang and Beslon, Guillaume and Dolson, Emily and Froese, Tom and Hickinbotham, Simon and Ikegami, Takashi and Mcmullin, Barry and Packard, Norman and Rasmussen, Steen and Virgo, Nathaniel and Agmon, Eran and Clark, Edward and Mcgregor, Simon and Ofria, Charles and Ropella, Glen and Spector, Lee and Stanley, Kenneth O and Stanton, Adam and Timperley, Christopher and Vostinar, Anya and Wiser, Michael},
    doi = {10.1162/ARTL{\_}a{\_}00210}
}

@book{StanleyWhyObjective,
    title = {{Why greatness cannot be planned : the myth of the objective}},
    author = {Stanley, Kenneth O. and Lehman, Joel},
    pages = {141},
    isbn = {3319155237}
}

@article{STAN-CS-76-562_EarlyDevelPgmgLang_Aug76,
    title = {{STAN-CS-76-562{\_}EarlyDevelPgmgLang{\_}Aug76}}
}

@book{Franklin2008AutobiographyWritings,
    title = {{Autobiography and other writings}},
    year = {2008},
    author = {Franklin, Benjamin and Seavey, Ormond.},
    pages = {361},
    publisher = {Oxford University Press},
    isbn = {0199554900}
}

@book{McCarthy1992BloodWest,
    title = {{Blood meridian, or, The evening redness in the West}},
    year = {1992},
    author = {McCarthy, Cormac},
    edition = {1st},
    pages = {337},
    publisher = {Random House},
    address = {New York},
    isbn = {0679728759}
}

@article{Turner1894TheHistory,
    title = {{The significance of the frontier in American history}},
    year = {1894},
    journal = {Annual report ... for the year 1893.},
    author = {Turner, Frederick}
}

@article{Hoare1981TheClothes,
    title = {{The emperor's old clothes}},
    year = {1981},
    journal = {Communications of the ACM},
    author = {Hoare, Charles Antony Richard and Richard, Charles Antony},
    number = {2},
    month = {2},
    pages = {75--83},
    volume = {24},
    publisher = {ACM},
    url = {http://portal.acm.org/citation.cfm?doid=358549.358561},
    doi = {10.1145/358549.358561},
    issn = {00010782},
    keywords = {history of programming languages, lessons for the future, programming languages}
}

@article{Dijkstra1972TheProgrammer,
    title = {{The humble programmer}},
    year = {1972},
    journal = {Communications of the ACM},
    author = {Dijkstra, Edsger W. and W., Edsger},
    number = {10},
    month = {10},
    pages = {859--866},
    volume = {15},
    publisher = {ACM},
    url = {http://portal.acm.org/citation.cfm?doid=355604.361591},
    doi = {10.1145/355604.361591},
    issn = {00010782}
}

@article{Hoare2009ViewpointRetrospective,
    title = {{ViewpointRetrospective}},
    year = {2009},
    journal = {Communications of the ACM},
    author = {Hoare, C.A.R. and {C.A.R.}},
    number = {10},
    month = {10},
    pages = {30},
    volume = {52},
    publisher = {ACM},
    url = {http://portal.acm.org/citation.cfm?doid=1562764.1562779},
    doi = {10.1145/1562764.1562779},
    issn = {00010782}
}

@article{Backus1978CanPrograms,
    title = {{Can programming be liberated from the von Neumann style?: a functional style and its algebra of programs}},
    year = {1978},
    journal = {Communications of the ACM},
    author = {Backus, John and {John}},
    number = {8},
    month = {8},
    pages = {613--641},
    volume = {21},
    publisher = {ACM},
    url = {http://portal.acm.org/citation.cfm?doid=359576.359579},
    doi = {10.1145/359576.359579},
    issn = {00010782},
    keywords = {algebra of programs, applicative computing systems, applicative state transition systems, combining forms, functional forms, functional programming, metacomposition, models of computing systems, program correctness, program termination, program transformation, programming languages, von Neumann computers, von Neumann languages}
}

@article{HoareAnProgramming,
    title = {{An Axiomatic Basis for Computer Programming}},
    author = {Hoare, C A R}
}

@article{P30-hoare-1,
    title = {{p30-hoare-1}}
}

@article{Sandrini2005DeoxyribonucleosideReaction.,
    title = {{Deoxyribonucleoside kinases: two enzyme families catalyze the same reaction.}},
    year = {2005},
    journal = {Trends in biochemical sciences},
    author = {Sandrini, Michael P B and Piskur, Jure},
    number = {5},
    month = {5},
    pages = {225--8},
    volume = {30},
    publisher = {Elsevier},
    url = {http://www.ncbi.nlm.nih.gov/pubmed/15896737},
    doi = {10.1016/j.tibs.2005.03.003},
    issn = {0968-0004},
    pmid = {15896737}
}

@article{Booch1986Object-OrientedDevelopment,
    title = {{Object-Oriented Development}},
    year = {1986},
    journal = {IEEE Transactions on Software Engineering},
    author = {Booch, Grady},
    number = {2},
    volume = {SE-12},
    url = {http://mathcs.pugetsound.edu/~brichards/Protected-440/Papers/BoochOOD.pdf}
}

@article{SKM_654e17033013531,
    title = {{SKM{\_}654e17033013531}}
}

@article{SKM_654e17033013530,
    title = {{SKM{\_}654e17033013530}}
}

@article{Full-text,
    title = {{full-text}}
}

@inproceedings{Gamma1993DesignDesign,
    title = {{Design Patterns: Abstraction and Reuse of Object-Oriented Design}},
    year = {1993},
    booktitle = {ECOOP '93 Conference Proceedings},
    author = {Gamma, Erich and Helm, Richard and Johnson, Ralph and Vlissides, John},
    url = {http://cs.pugetsound.edu/~brichards/Protected-440/Papers/GoF_reformat.pdf}
}

@article{HelmRichardPatternsPractice,
    title = {{Patterns in Practice}},
    author = {{Helm Richard}},
    url = {http://delivery.acm.org/10.1145/220000/217873/p337-helm.pdf?ip=207.207.127.230&id=217873&acc=ACTIVE%20SERVICE&key=B63ACEF81C6334F5%2EC93D29D796B46B49%2E4D4702B0C3E38B35%2E4D4702B0C3E38B35&CFID=718579016&CFTOKEN=72288653&__acm__=1491086493_a739e4c07ab7f070}
}

@article{Storrs1968AInheritance.,
    title = {{A study of monozygous quadruplet armadillos in relation to mammalian inheritance.}},
    year = {1968},
    journal = {Proceedings of the National Academy of Sciences of the United States of America},
    author = {Storrs, E E and Williams, R J},
    isbn = {0027-8424 (Print){\textbackslash}r0027-8424 (Linking)},
    doi = {10.1073/pnas.60.3.910},
    issn = {0027-8424},
    pmid = {5243932},
    keywords = {Adrenal Glands, Adrenal Glands: analysis, Animals, Body Weight, Brain Chemistry, Genetics, Heart, Heart: analysis, Kidney, Kidney: analysis, Liver, Liver: analysis, Organ Size, Xenarthra}
}

@article{Lobo2008EnvironmentalExpresssion,
    title = {{Environmental Influences on Gene Expresssion}},
    year = {2008},
    journal = {Nature Education},
    author = {Lobo, Ingrid},
    number = {1},
    pages = {39},
    volume = {1}
}

@article{Lodish2000OsmosisVolume,
    title = {{Osmosis, Water Channels, and the Regulation of Cell Volume}},
    year = {2000},
    author = {Lodish, Harvey and Berk, Arnold and Zipursky, S Lawrence and Matsudaira, Paul and Baltimore, David and Darnell, James},
    publisher = {W. H. Freeman},
    url = {https://www.ncbi.nlm.nih.gov/books/NBK21739/}
}

@article{Fortin2012DEAP:Easy,
    title = {{DEAP: Evolutionary Algorithms Made Easy}},
    year = {2012},
    journal = {Journal of Machine Learning Research},
    author = {Fortin, Félix-Antoine and Rainville, Francois-Michel De and Gardner, Marc-André and Parizeau, Marc and Gagn{\'{e}}, Christian},
    pages = {2171--2175},
    volume = {13},
    url = {http://www.jmlr.org/papers/volume13/fortin12a/fortin12a.pdf},
    keywords = {distributed evolutionary algorithms, software tools}
}

@article{Laland2014DoesRethink,
    title = {{Does evolutionary theory need a rethink?}},
    year = {2014},
    journal = {Nature},
    author = {Laland, Kevin and Uller, Tobias and Feldman, Marc and Sterelny, Kim and M{\"{u}}ller, Gerd B. and Moczek, Armin and Jablonka, Eva and Odling-Smee, John and Wray, Gregory A. and Hoekstra, Hopi E. and Futuyma, Douglas J. and Lenski, Richard E. and Mackay, Trudy F. C. and Schluter, Dolph and Strassmann, Joan E.},
    number = {7521},
    month = {10},
    pages = {161--164},
    volume = {514},
    url = {http://www.nature.com/doifinder/10.1038/514161a},
    doi = {10.1038/514161a},
    issn = {0028-0836}
}

@article{Palmer2011SPATIALEVOLVABILITY,
    title = {{SPATIAL ENVIRONMENTAL VARIATION CAN SELECT FOR EVOLVABILITY}},
    year = {2011},
    journal = {Evolution},
    author = {Palmer, Michael E. and Feldman, Marcus W.},
    number = {8},
    month = {8},
    pages = {2345--2356},
    volume = {65},
    publisher = {Blackwell Publishing Inc},
    url = {http://doi.wiley.com/10.1111/j.1558-5646.2011.01283.x},
    doi = {10.1111/j.1558-5646.2011.01283.x},
    issn = {00143820},
    keywords = {Evolvability, extinction, macroevolution, models/simulations, population structure}
}

@article{Draghi2008EVOLUTIONMODEL,
    title = {{EVOLUTION OF EVOLVABILITY IN A DEVELOPMENTAL MODEL}},
    year = {2008},
    journal = {Evolution},
    author = {Draghi, Jeremy and Wagner, Günter P.},
    number = {2},
    month = {2},
    pages = {301--315},
    volume = {62},
    publisher = {Blackwell Publishing Inc},
    url = {http://doi.wiley.com/10.1111/j.1558-5646.2007.00303.x},
    doi = {10.1111/j.1558-5646.2007.00303.x},
    issn = {0014-3820},
    keywords = {Evo‐devo, evolvability, modularity, quantitative genetics}
}

@article{Kirschner1998PerspectiveEvolvability,
    title = {{Perspective Evolvability}},
    year = {1998},
    author = {Kirschner, Marc and Gerhart, John and Gerhart, John C},
    pages = {8420--8427},
    volume = {95},
    url = {http://www.pnas.org/content/95/15/8420.full.pdf}
}

@article{Rimbault2013DerivedBreeds.,
    title = {{Derived variants at six genes explain nearly half of size reduction in dog breeds.}},
    year = {2013},
    journal = {Genome research},
    author = {Rimbault, Maud and Beale, Holly C and Schoenebeck, Jeffrey J and Hoopes, Barbara C and Allen, Jeremy J and Kilroy-Glynn, Paul and Wayne, Robert K and Sutter, Nathan B and Ostrander, Elaine A},
    number = {12},
    month = {12},
    pages = {1985--95},
    volume = {23},
    publisher = {Cold Spring Harbor Laboratory Press},
    url = {http://www.ncbi.nlm.nih.gov/pubmed/24026177 http://www.pubmedcentral.nih.gov/articlerender.fcgi?artid=PMC3847769},
    doi = {10.1101/gr.157339.113},
    issn = {1549-5469},
    pmid = {24026177}
}

@article{Devesa2016MultipleGrowth,
    title = {{Multiple Effects of Growth Hormone in the Body: Is it Really the Hormone for Growth?}},
    year = {2016},
    journal = {Clinical medicine insights. Endocrinology and diabetes},
    author = {Devesa, Jesús and Almengl{\'{o}}, Cristina and Devesa, Pablo},
    pages = {47--71},
    volume = {9},
    publisher = {Libertas Academica},
    url = {http://www.ncbi.nlm.nih.gov/pubmed/27773998 http://www.pubmedcentral.nih.gov/articlerender.fcgi?artid=PMC5063841},
    doi = {10.4137/CMED.S38201},
    pmid = {27773998},
    keywords = {cardiovascular system, gonads, growth, growth hormone, liver, nervous system}
}

@article{Wagner2003EvolutionaryUnveiled,
    title = {{Evolutionary Genetics: The Nature of Hidden Genetic Variation Unveiled}},
    year = {2003},
    journal = {Current Biology},
    author = {Wagner, Günter P.},
    number = {24},
    pages = {R958-R960},
    volume = {13},
    url = {http://www.sciencedirect.com/science/article/pii/S0960982203008844},
    doi = {10.1016/j.cub.2003.11.042},
    issn = {09609822}
}

@article{Owens2003TheKeratins,
    title = {{The quest for the function of simple epithelial keratins}},
    year = {2003},
    journal = {BioEssays},
    author = {Owens, Dewi W. and Lane, E. Birgitte},
    number = {8},
    month = {8},
    pages = {748--758},
    volume = {25},
    publisher = {Wiley Subscription Services, Inc., A Wiley Company},
    url = {http://doi.wiley.com/10.1002/bies.10316},
    doi = {10.1002/bies.10316},
    issn = {0265-9247}
}

@article{2017-03-30_RevisedBIO360,
    title = {{2017-03-30{\_}Revised Schedule2 for BIO360}}
}

@article{Lenski2017WhatMicrobiologist,
    title = {{What is adaptation by natural selection? Perspectives of an experimental microbiologist}},
    year = {2017},
    journal = {PLOS Genetics},
    author = {Lenski, Richard E. and Pagel, MD and Rynearson, TA and Lohbeck, KT and Collins, S and Sherlock, G},
    editor = {Doolittle, W. Ford},
    number = {4},
    month = {4},
    pages = {e1006668},
    volume = {13},
    publisher = {Oxford University Press},
    url = {http://dx.plos.org/10.1371/journal.pgen.1006668},
    doi = {10.1371/journal.pgen.1006668},
    issn = {1553-7404}
}

@article{BarrickGenomeEvolution,
    title = {{Genome dynamics during experimental evolution}},
    author = {Barrick, Jeffrey E and Lenski, Richard E},
    url = {https://www.ncbi.nlm.nih.gov/pmc/articles/PMC4239992/pdf/nihms641750.pdf},
    doi = {10.1038/nrg3564}
}

@article{Blount2012GenomicPopulation,
    title = {{Genomic Analysis of a Key Innovation in an Experimental E. coli Population}},
    year = {2012},
    journal = {Nature},
    author = {Blount, Zachary D and Barrick, Jeffrey E and Davidson, Carla J and Lenski, Richard E},
    number = {7417},
    pages = {513–518},
    volume = {489},
    url = {https://www.ncbi.nlm.nih.gov/pmc/articles/PMC3461117/pdf/nihms402795.pdf}
}

@article{Lenski1994DynamicsPopulations,
    title = {{Dynamics of Adaptation and Diversification: A 10,0000-Generation Experiment with Bacterial Populations}},
    year = {1994},
    journal = {Proceedings of the National Academy of Sciences},
    author = {Lenski, Richard and Travisano, Michael},
    number = {15},
    pages = {6808--6814},
    volume = {91},
    url = {http://lenski.mmg.msu.edu/lenski/pdf/1994,%20PNAS,%20Lenski%20&%20Travisano.pdf}
}

@article{Smith2016ExplanationsBiology,
    title = {{Explanations for adaptations, just-so stories, and limitations on evidence in evolutionary biology}},
    year = {2016},
    journal = {Evolutionary Anthropology: Issues, News, and Reviews},
    author = {Smith, Richard J.},
    number = {6},
    month = {11},
    pages = {276--287},
    volume = {25},
    url = {http://doi.wiley.com/10.1002/evan.21495},
    doi = {10.1002/evan.21495},
    issn = {10601538},
    keywords = {adaptationist program, causation, current utility, historical role, inference to the best explanation, narrative explanation, necessary and sufficient conditions, reverse engineering, underdetermination, unique events}
}

@article{Lenski1991Long-TermGenerations,
    title = {{Long-Term Experimental Evolution in Escherichia Coli. I. Adaptation and Divergence During 2,000 Generations}},
    year = {1991},
    journal = {The American Naturalist},
    author = {Lenski, Richard and Rose, Michael and Simpson, Suzanne and Tadler, SCott},
    number = {6},
    pages = {1315--1341},
    volume = {138},
    url = {http://lenski.mmg.msu.edu/lenski/pdf/1991,%20AmNat,%20Lenski%20et%20al.pdf}
}

@misc{Lenski2017TheSite,
    title = {{The E. coli long-term experimental evolution project site}},
    year = {2017},
    booktitle = {Long Term Experimental Evolution},
    author = {Lenski, Richard},
    url = {http://myxo.css.msu.edu/ecoli/overview.html}
}

@article{Lenski1988ExperimentalT4,
    title = {{Experimental Studies of Pleiotropy and Epistasis in Escherichia coli. II. Compensation for Maldaptive Effects Associated with Resistance to Virus T4}},
    year = {1988},
    journal = {Evolution},
    author = {Lenski, Richard},
    number = {3},
    pages = {433--440},
    volume = {42},
    url = {http://myxo.css.msu.edu/lenski/pdf/1988,%20Evolution,%20II,%20Lenski.pdf}
}

@article{Nahum2015ABacteria.,
    title = {{A tortoise-hare pattern seen in adapting structured and unstructured populations suggests a rugged fitness landscape in bacteria.}},
    year = {2015},
    journal = {Proceedings of the National Academy of Sciences of the United States of America},
    author = {Nahum, Joshua R and Godfrey-Smith, Peter and Harding, Brittany N and Marcus, Joseph H and Carlson-Stevermer, Jared and Kerr, Benjamin},
    number = {24},
    month = {6},
    pages = {7530--5},
    volume = {112},
    publisher = {National Academy of Sciences},
    url = {http://www.ncbi.nlm.nih.gov/pubmed/25964348 http://www.pubmedcentral.nih.gov/articlerender.fcgi?artid=PMC4475941},
    doi = {10.1073/pnas.1410631112},
    issn = {1091-6490},
    pmid = {25964348},
    keywords = {NK model, adaptive landscape, experimental evolution, landscape topography, spatial structure}
}

@article{Goldsby2014TheHypothesis,
    title = {{The Evolutionary Origin of Somatic Cells under the Dirty Work Hypothesis}},
    year = {2014},
    journal = {PLoS Biology},
    author = {Goldsby, Heather J. and Knoester, David B. and Ofria, Charles and Kerr, Benjamin and Queller, DC},
    editor = {Keller, Laurent},
    number = {5},
    month = {5},
    pages = {e1001858},
    volume = {12},
    publisher = {Public Library of Science},
    url = {http://dx.plos.org/10.1371/journal.pbio.1001858},
    doi = {10.1371/journal.pbio.1001858},
    issn = {1545-7885}
}

@article{Daeschler2006APlan,
    title = {{A Devonian tetrapod-like fish and the evolution of the tetrapod body plan}},
    year = {2006},
    journal = {Nature},
    author = {Daeschler, Edward B and Shubin, Neil H and Jenkins Jr, Farish A},
    number = {7085},
    pages = {757--763},
    volume = {440},
    url = {https://www.nature.com/nature/journal/v440/n7085/pdf/nature04639.pdf},
    doi = {10.1038/nature04639}
}

@article{Angert2008USINGMONKEYFLOWERS,
    title = {{USING EXPERIMENTAL EVOLUTION TO INVESTIGATE GEOGRAPHIC RANGE LIMITS IN MONKEYFLOWERS}},
    year = {2008},
    journal = {Evolution},
    author = {Angert, Amy L and Bradshaw, H D and Schemske, Douglas W and Kellogg, W K},
    number = {10},
    pages = {2660--2675},
    volume = {62},
    url = {http://faculty.washington.edu/toby/pubs/Angert%202008%20Evolution%20Selection%20on%20Ml%20Mc%20F3s.pdf},
    doi = {10.1111/j.1558-5646.2008.00471.x}
}

@article{Byers2014FloralMimulus,
    title = {{Floral volatile alleles can contribute to pollinator-mediated reproductive isolation in monkeyflowers (Mimulus)}},
    year = {2014},
    journal = {The Plant Journal},
    author = {Byers, Kelsey J R P and Vela, James P and Peng, Foen and Riffell, Jeffrey A and Bradshaw, Harvey D},
    number = {6},
    pages = {1031--1042},
    volume = {80},
    url = {http://faculty.washington.edu/toby/pubs/Byers2014PlantJournal.pdf},
    doi = {10.1111/tpj.12702},
    keywords = {Mimulus cardinalis, Mimulus lewisii, floral volatiles, pollination, speciation, terpene synthase}
}

@article{Rose1984ArtificialMelanogaster,
    title = {{Artificial Selection on a Fitness-Component in Drosophila melanogaster}},
    year = {1984},
    journal = {Evolution},
    author = {Rose, Michael R.},
    number = {3},
    month = {5},
    pages = {516},
    volume = {38},
    url = {http://www.jstor.org/stable/2408701?origin=crossref},
    doi = {10.2307/2408701},
    issn = {00143820}
}

@article{Lucas20122Experiment,
    title = {{2 Genomic Changes in Response to 110 Cycles of Selection for Seed Protein and Oil Concentration in Maize Background on the Illinois Long-Term Selection Experiment}},
    year = {2012},
    author = {Lucas, Christine J and Zhao, Han and Schneerman, Martha and Moose, Stephen P},
    url = {http://cropsci.illinois.edu/sites/cropsci.illinois.edu/files/users/smoose/Lucas_et_al_Seed_Genomics_chapter.pdf},
    doi = {10.1002/9781118525524.ch12}
}

@article{Ratcliff2012ExperimentalMulticellularity.,
    title = {{Experimental evolution of multicellularity.}},
    year = {2012},
    journal = {Proceedings of the National Academy of Sciences of the United States of America},
    author = {Ratcliff, William C and Denison, R Ford and Borrello, Mark and Travisano, Michael},
    number = {5},
    month = {1},
    pages = {1595--600},
    volume = {109},
    publisher = {National Academy of Sciences},
    url = {http://www.ncbi.nlm.nih.gov/pubmed/22307617 http://www.pubmedcentral.nih.gov/articlerender.fcgi?artid=PMC3277146},
    doi = {10.1073/pnas.1115323109},
    issn = {1091-6490},
    pmid = {22307617}
}

@article{Crozat2010ParallelColi,
    title = {{Parallel Genetic and Phenotypic Evolution of DNA Superhelicity in Experimental Populations of Escherichia coli}},
    year = {2010},
    journal = {Molecular Biology and Evolution},
    author = {Crozat, E. and Winkworth, C. and Gaffe, J. and Hallin, P. F. and Riley, M. A. and Lenski, R. E. and Schneider, D.},
    number = {9},
    month = {9},
    pages = {2113--2128},
    volume = {27},
    url = {http://www.ncbi.nlm.nih.gov/pubmed/20392810 https://academic.oup.com/mbe/article-lookup/doi/10.1093/molbev/msq099},
    doi = {10.1093/molbev/msq099},
    issn = {0737-4038},
    pmid = {20392810}
}

@article{Plucain2014EpistasisColi,
    title = {{Epistasis and Allele Specificity in the Emergence of a Stable Polymorphism in Escherichia coli}},
    year = {2014},
    journal = {Science},
    author = {Plucain, Jessica and Hindr{\'{e}}, Thomas and Le Gac, Mickaël and Tenaillon, Olivier and Cruveiller, Stéphane and M{\'{e}}digue, Claudine and Leiby, Nicholas and Harcombe, William R. and Marx, Christopher J. and Lenski, Richard E. and Schneider, Dominique},
    number = {6177},
    volume = {343},
    url = {http://science.sciencemag.org/content/343/6177/1366.long}
}

@article{Rozen2005Long-termPolymorphism,
    title = {{Long-term experimental evolution in Escherichia coli. XIII. Phylogenetic history of a balanced polymorphism}},
    year = {2005},
    journal = {Journal of Molecular Evolution},
    author = {Rozen, Daniel E. and Schneider, Dominique and Lenski, Richard E.},
    isbn = {0022-2844 (Print)},
    doi = {10.1007/s00239-004-0322-2},
    issn = {00222844},
    pmid = {15999245},
    keywords = {Adaptation, Balanced polymorphism, Escherichia coli, Experimental evolution, Insertion sequence, Phylogeny, Speciation, Species concepts}
}

@article{Wielgoss2013MutationLoad.,
    title = {{Mutation rate dynamics in a bacterial population reflect tension between adaptation and genetic load.}},
    year = {2013},
    journal = {Proceedings of the National Academy of Sciences of the United States of America},
    author = {Wielgoss, Sébastien and Barrick, Jeffrey E and Tenaillon, Olivier and Wiser, Michael J and Dittmar, W James and Cruveiller, Stéphane and Chane-Woon-Ming, Béatrice and M{\'{e}}digue, Claudine and Lenski, Richard E and Schneider, Dominique},
    number = {1},
    month = {1},
    pages = {222--7},
    volume = {110},
    publisher = {National Academy of Sciences},
    url = {http://www.ncbi.nlm.nih.gov/pubmed/23248287 http://www.pubmedcentral.nih.gov/articlerender.fcgi?artid=PMC3538217},
    doi = {10.1073/pnas.1219574110},
    issn = {1091-6490},
    pmid = {23248287}
}

@article{SniegowskiEvolutionColi,
    title = {{Evolution of high mutation rates in experimental populations of E. coli}},
    author = {Sniegowski, Paul D and Gerrish, Philip J and Lenski, Richard E},
    url = {http://lenski.mmg.msu.edu/lenski/pdf/1997,%20Nature,%20Sniegowski%20et%20al.pdf}
}

@article{Blount2008HistoricalColi.,
    title = {{Historical contingency and the evolution of a key innovation in an experimental population of Escherichia coli.}},
    year = {2008},
    journal = {Proceedings of the National Academy of Sciences of the United States of America},
    author = {Blount, Zachary D and Borland, Christina Z and Lenski, Richard E},
    number = {23},
    month = {6},
    pages = {7899--906},
    volume = {105},
    publisher = {National Academy of Sciences},
    url = {http://www.ncbi.nlm.nih.gov/pubmed/18524956 http://www.pubmedcentral.nih.gov/articlerender.fcgi?artid=PMC2430337},
    doi = {10.1073/pnas.0803151105},
    issn = {1091-6490},
    pmid = {18524956}
}

@article{Blount2016AContingency,
    title = {{A case study in evolutionary contingency}},
    year = {2016},
    journal = {Studies in History and Philosophy of Science Part C: Studies in History and Philosophy of Biological and Biomedical Sciences},
    author = {Blount, Zachary D.},
    pages = {82--92},
    volume = {58},
    url = {http://www.sciencedirect.com/science/article/pii/S1369848615001806},
    doi = {10.1016/j.shpsc.2015.12.007}
}

@article{Turner2015ReplayingPopulation,
    title = {{Replaying Evolution to Test the Cause of Extinction of One Ecotype in an Experimentally Evolved Population}},
    year = {2015},
    journal = {PLOS ONE},
    author = {Turner, Caroline B. and Blount, Zachary D. and Lenski, Richard E. and Marzluf, G and Olivieri, I and Whitlock, MC},
    editor = {Cohan, Frederick M.},
    number = {11},
    month = {11},
    pages = {e0142050},
    volume = {10},
    publisher = {American Society for Microbiology Press},
    url = {http://dx.plos.org/10.1371/journal.pone.0142050},
    doi = {10.1371/journal.pone.0142050},
    issn = {1932-6203}
}

@article{Atwood1951PeriodicColi.,
    title = {{Periodic selection in Escherichia coli.}},
    year = {1951},
    journal = {Proceedings of the National Academy of Sciences of the United States of America},
    author = {Atwood, K C and Schneider, L K and Ryan, F J},
    number = {3},
    month = {3},
    pages = {146--55},
    volume = {37},
    publisher = {National Academy of Sciences},
    url = {http://www.ncbi.nlm.nih.gov/pubmed/14808170 http://www.ncbi.nlm.nih.gov/pubmed/14808170},
    pmid = {14808170},
    keywords = {ESCHERICHIA COLI, GENETICS}
}

@book{Dawkins2009TheEvolution,
    title = {{The greatest show on earth : the evidence for evolution}},
    year = {2009},
    author = {Dawkins, Richard},
    pages = {472},
    publisher = {Simon {\&} Schuster.},
    url = {http://www.simonandschuster.com/books/The-Greatest-Show-on-Earth/Richard-Dawkins/9781416594796},
    isbn = {9781416594796}
}

@book{Zimmer2009MicrocosmLife,
    title = {{Microcosm : E. coli and the new science of life}},
    year = {2009},
    author = {Zimmer, Carl},
    pages = {243},
    publisher = {Vintage Books},
    isbn = {9780307276865}
}

@book{DawkinsTheEvolution,
    title = {{The greatest show on earth : the evidence for evolution}},
    author = {Dawkins, Richard},
    pages = {472},
    isbn = {1416594795}
}

@misc{Lenski2016EvolutionaryLenski,
    title = {{Evolutionary Biology’s Master Craftsman: An Interview with Richard Lenski}},
    year = {2016},
    booktitle = {This View of Life: Anything and everything from an evolutionary perspective},
    author = {Lenski, Richard and Wilson, David Sloan},
    url = {https://evolution-institute.org/article/evolutionary-biologys-master-craftsman-an-interview-with-richard-lenski/}
}

@misc{Zimmer2011TortoiseFlask,
    title = {{Tortoise and Hare, in a Laboratory Flask}},
    year = {2011},
    booktitle = {The New York Times},
    author = {Zimmer, Carl},
    month = {3},
    url = {http://www.nytimes.com/2011/03/22/science/22evolve.html},
    address = {New York, NY}
}

@article{Sniegowski1997EvolutionColi,
    title = {{Evolution of high mutation rates in experimental populations of E. coli}},
    year = {1997},
    journal = {Nature},
    author = {Sniegowski, PD and Gerrish, PJ and Lenski, RE},
    url = {http://search.proquest.com/openview/bcf83a0df8c414c73705eb03e5701bf7/1?pq-origsite=gscholar&cbl=40569}
}

@article{Quandt2014RecursiveColi.,
    title = {{Recursive genomewide recombination and sequencing reveals a key refinement step in the evolution of a metabolic innovation in Escherichia coli.}},
    year = {2014},
    journal = {Proceedings of the National Academy of Sciences of the United States of America},
    author = {Quandt, Erik M and Deatherage, Daniel E and Ellington, Andrew D and Georgiou, George and Barrick, Jeffrey E},
    number = {6},
    month = {2},
    pages = {2217--22},
    volume = {111},
    publisher = {National Academy of Sciences},
    url = {http://www.ncbi.nlm.nih.gov/pubmed/24379390 http://www.pubmedcentral.nih.gov/articlerender.fcgi?artid=PMC3926077},
    doi = {10.1073/pnas.1314561111},
    issn = {1091-6490},
    pmid = {24379390},
    keywords = {epistatic network, experimental evolution, genetic basis of adaptation}
}

@article{Pos1998TheChloroplasts,
    title = {{The Escherichia coli citrate carrier CitT: a member of a novel eubacterial transporter family related to the 2-oxoglutarate/malate translocator from spinach chloroplasts}},
    year = {1998},
    journal = {Journal of bacteriology},
    author = {Pos, KM and Dimroth, P and Bott, M},
    url = {http://jb.asm.org/content/180/16/4160.short}
}

@article{Desjardins1994HowAdvisors,
    title = {{How to Succeed in Graduate School: A Guide for Students and Advisors}},
    year = {1994},
    author = {Desjardins, Marie},
    number = {23},
    volume = {1},
    url = {https://www.csee.umbc.edu/~mariedj/papers/advice.pdf}
}

@article{Conway1970TheLife,
    title = {{The game of life}},
    year = {1970},
    journal = {Scientific American},
    author = {Conway, J},
    number = {4},
    volume = {223},
    url = {http://www.math.auckland.ac.nz/Students/Conway07.pdf}
}

@article{Ofria2009Avida:Biology,
    title = {{Avida: A Software Platform for Research in Computational Evolutionary Biology}},
    year = {2009},
    author = {Ofria, Charles and Bryson, David M and Wilke, Claus O}
}

@article{Chapman1988HowResearch,
    title = {{How to do Research}},
    year = {1988},
    author = {{Chapman}}
}

@article{Holt2012LocomotionTerrain,
    title = {{Locomotion on a slope in leaf-cutter ants: metabolic energy use, behavioural adaptations and the implications for route selection on hilly terrain}},
    year = {2012},
    journal = {Journal of Experimental Biology},
    author = {Holt, N. C. and Askew, G. N.},
    isbn = {1477-9145 (Electronic){\textbackslash}r0022-0949 (Linking)},
    doi = {10.1242/jeb.057695},
    issn = {0022-0949},
    pmid = {22786630}
}

@article{Goldsby2014TheLabor,
    title = {{The Effect of Conflicting Pressures on the Evolution of Division of Labor}},
    year = {2014},
    journal = {PLoS ONE},
    author = {Goldsby, Heather J. and Knoester, David B. and Kerr, Benjamin and Ofria, Charles and Ofria, C},
    editor = {Gudelj, Ivana},
    number = {8},
    month = {8},
    pages = {e102713},
    volume = {9},
    publisher = {Public Library of Science},
    url = {http://dx.plos.org/10.1371/journal.pone.0102713},
    doi = {10.1371/journal.pone.0102713},
    issn = {1932-6203}
}

@article{JohnsonTheLevels,
    title = {{The Evolution of Kin Inclusivity Levels}},
    author = {Johnson, Anya Elaine and Goldsby, Heather J and Goings, Sherri and Ofria, Charles},
    url = {http://dx.doi.org/10.1145/2576768.2598283},
    doi = {10.1145/2576768.2598283},
    keywords = {Avida, Control Methods, Problem Solving, and Search Keywords Digital evolution, kin altruism}
}

@article{Goldsby2014TheHypothesisb,
    title = {{The Evolutionary Origin of Somatic Cells under the Dirty Work Hypothesis}},
    year = {2014},
    journal = {PLoS Biology},
    author = {Goldsby, Heather J. and Knoester, David B. and Ofria, Charles and Kerr, Benjamin and Queller, DC},
    editor = {Keller, Laurent},
    number = {5},
    month = {5},
    pages = {e1001858},
    volume = {12},
    publisher = {Public Library of Science},
    url = {http://dx.plos.org/10.1371/journal.pbio.1001858},
    doi = {10.1371/journal.pbio.1001858},
    issn = {1545-7885}
}

@article{GoldsbyTask-switchingIndividuality,
    title = {{Task-switching costs promote the evolution of division of labor and shifts in individuality}},
    author = {Goldsby, Heather J and Dornhaus, Anna and Kerr, Benjamin and Ofria, Charles and Strassmann, Joan E},
    url = {http://ofria.com/pubs/2012bGoldsbyEtAl.pdf},
    doi = {10.1073/pnas.1202233109}
}

@article{GoingsAnProblems,
    title = {{An ecology-based evolutionary algorithm to evolve solutions to complex problems}},
    author = {Goings, Sherri and Goldsby, Heather and Cheng, Betty H C and Ofria, Charles},
    url = {http://ofria.com/pubs/2012GoingsEtAl.pdf}
}

@article{GoldsbyThePolyethism,
    title = {{The Evolution of Temporal Polyethism}},
    author = {Goldsby, Heather J and Serra, Neem and Dyer, Fred and Kerr, Benjamin and Ofria, Charles},
    url = {http://ofria.com/pubs/2012aGoldsbyEtAl.pdf}
}

@article{CluneSelectiveTheory,
    title = {{Selective pressures for accurate altruism targeting: evidence from digital evolution for difficult-to-test aspects of inclusive fitness theory}},
    author = {Clune, Jeff and Goldsby, Heather J and Ofria, Charles and Pennock, Robert T},
    url = {http://ofria.com/pubs/2011bCluneEtAl},
    doi = {10.1098/rspb.2010.1557},
    keywords = {Avida, altruism, digital evolution, green beard, inclusive fitness, kin selection}
}

@article{GoldsbyEvolution,
    title = {{Evolution of Division of Labor in Genetically Homogenous Groups *}},
    author = {Goldsby, Heather J and Knoester, David B and Ofria, Charles},
    url = {http://ofria.com/pubs/2010GoldsbyEtAl.pdf},
    keywords = {Artificial Intelli-gence—Problem Solving, Control Methods, F11 [Computation by Abstract Devices], and Search}
}

@article{GoldsbyDigital,
    title = {{Digital Evolution of Behavioral Models for Autonomic Systems *}},
    author = {Goldsby, Heather J and Cheng, Betty H C and Mckinley, Philip K and Knoester, David B and Ofria, Charles A},
    url = {http://ofria.com/pubs/2008GoldsbyEtAl.pdf}
}

@article{GoldsbyProblemPopulations,
    title = {{Problem Decomposition Using Indirect Reciprocity in Evolved Populations}},
    author = {Goldsby, Heather J and Goings, Sherri and Clune, Jeff and Ofria, Charles},
    url = {http://ofria.com/pubs/2009GoldsbyEtAl.pdf}
}

@article{GoldsbyTheLabor,
    title = {{The Evolution of Division of Labor}},
    author = {Goldsby, Heather J and Knoester, David B and Clune, Jeff and Mckinley, Philip K and Ofria, Charles},
    url = {http://ofria.com/pubs/2009bGoldsbyEtAl.pdf},
    keywords = {altru-ism, cooperative behavior, digital evolution, specialization}
}

@article{AndrewKoenig2000AcceleratedExample,
    title = {{Accelerated C++ Practical Programming by Example}},
    year = {2000},
    author = {Andrew Koenig, by and Moo Addison-Wesley, Barbara E}
}